@incollection{aho1980pattern,
  title={Pattern matching in strings},
  author={Aho, Alfred V},
  booktitle={Formal Language Theory},
  pages={325--347},
  year={1980},
  publisher={Elsevier}
}

@book{aho1973theory,
  title={The theory of parsing, translation, and compiling},
  author={Aho, Alfred V and Ullman, Jeffrey D},
  volume={1},
  year={1973},
  publisher={Prentice-Hall Englewood Cliffs, NJ}
}

@book{aho2007compilers,
  title={Compilers: principles, techniques, \& tools},
  author={Aho, Alfred V and Lam, Monica S and Sethi, Ravi and Ullman, Jeffrey D},
  year={2007},
  publisher={Pearson Education India}
}

@book{fischer1991crafting,
  title={Crafting a Compiler with C},
  author={Fischer, Charles N and LeBlanc Jr, Richard J},
  year={1991},
  publisher={Benjamin-Cummings Publishing Co., Inc.}
}

@book{fraser1995retargetable,
  title={A retargetable C compiler: design and implementation},
  author={Fraser, Christopher W and Hanson, David R},
  year={1995},
  publisher={Addison-Wesley Longman Publishing Co., Inc.}
}

@book{holub1990compiler,
  title={Compiler design in C},
  author={Holub, Allen I},
  volume={5},
  year={1990},
  publisher={Prentice Hall Englewood Cliffs, NJ}
}

@article{hopcroft2001introduction,
  title={Introduction to automata theory, languages, and computation},
  author={Hopcroft, John E and Motwani, Rajeev and Ullman, Jeffrey D},
  journal={Acm Sigact News},
  volume={32},
  number={1},
  pages={60--65},
  year={2001},
  publisher={ACM New York, NY, USA}
}

@book{louden2011programming,
  title={Programming languages: principles and practices},
  author={Louden, Kenneth C and Lambert, Kenneth A},
  year={2011},
  publisher={Cengage Learning}
}

@book{sethi1996programming,
  title={Programming languages concepts and constructs},
  author={Sethi, Ravi},
  year={1996},
  publisher={Addison Wesley Longman Publishing Co., Inc.}
}

@article{kernighan1975ratfor,
  title={Ratfor—a preprocessor for a rational Fortran},
  author={Kernighan, Brian W},
  journal={Software: Practice and Experience},
  volume={5},
  number={4},
  pages={395--406},
  year={1975},
  publisher={Wiley Online Library}
}

@article{randell1964algol,
  title={ALGOL 60 implementation: the translation and use of ALGOL 60 programs on a computer},
  author={Randell, Brian and Russell, Lawford John},
  journal={APIC Studies in Data Processing},
  year={1964},
  publisher={Newcastle University}
}

@inproceedings{backus1957fortran,
  title={The FORTRAN automatic coding system},
  author={Backus, John W and Beeber, Robert J and Best, Sheldon and Goldberg, Richard and Haibt, Lois M and Herrick, Harlan L and Nelson, Robert A and Sayre, David and Sheridan, Peter B and Stern, Harold and others},
  booktitle={Papers presented at the February 26-28, 1957, western joint computer conference: Techniques for reliability},
  pages={188--198},
  year={1957}
}

@article{backus1978history,
  title={The history of Fortran I, II, and III},
  author={Backus, John},
  journal={ACM Sigplan Notices},
  volume={13},
  number={8},
  pages={165--180},
  year={1978},
  publisher={ACM New York, NY, USA}
}

@book{appel2007compiling,
  title={Compiling with continuations},
  author={Appel, Andrew W},
  year={2007},
  publisher={Cambridge university press}
}

@book{kernighan1984unix,
  title={The UNIX programming environment},
  author={Kernighan, Brian W and Pike, Rob and others},
  volume={270},
  year={1984},
  publisher={Prentice-Hall Englewood Cliffs, NJ}
}

@book{ritchie1988c,
  title={The C programming language},
  author={Ritchie, Dennis M and Kernighan, Brian W and Lesk, Michael E},
  year={1988},
  publisher={Prentice Hall Englewood Cliffs}
}

@article{koster1969infinite,
  title={On infinite modes},
  author={Koster, CHA},
  journal={ACM SIGPLAN Notices},
  volume={4},
  number={3},
  pages={86--89},
  year={1969},
  publisher={ACM New York, NY, USA}
}

@article{landin1966next,
  title={The next 700 programming languages},
  author={Landin, Peter J},
  journal={Communications of the ACM},
  volume={9},
  number={3},
  pages={157--166},
  year={1966},
  publisher={ACM New York, NY, USA}
}

@article{milner1978theory,
  title={A theory of type polymorphism in programming},
  author={Milner, Robin},
  journal={Journal of computer and system sciences},
  volume={17},
  number={3},
  pages={348--375},
  year={1978},
  publisher={Elsevier}
}

@article{backus1963revised,
  title={Revised report on the algorithmic language Algol 60},
  author={Backus, John W and Bauer, Friedrich L and Green, Julien and Katz, Charles and McCarthy, John and Naur, Peter and Perlis, Alan J and Rutishauser, Heinz and Samelson, Klaus and Vauquois, Bernard and others},
  journal={The Computer Journal},
  volume={5},
  number={4},
  pages={349--367},
  year={1963},
  publisher={Oxford University Press}
}

@article{nori1981pascal,
  title={Pascal-P implementation notes},
  author={Nori, Kesav V},
  journal={Pascal: The Language and its Implementation},
  year={1981},
  publisher={Wiley}
}

@inproceedings{pennello1978forward,
  title={A forward move algorithm for LR error recovery},
  author={Pennello, Thomas J and DeRemer, Frank},
  booktitle={Proceedings of the 5th ACM SIGACT-SIGPLAN Symposium on Principles of Programming Languages},
  pages={241--254},
  year={1978}
}

@inproceedings{perkins1979machine,
  title={Machine-independent Pascal code optimization},
  author={Perkins, Daniel R and Sites, Richard L},
  booktitle={Proceedings of the 1979 SIGPLAN symposium on Compiler construction},
  pages={201--207},
  year={1979}
}

@book{peyton1987implementation,
  title={The implementation of functional programming languages (prentice-hall international series in computer science)},
  author={Peyton Jones, Simon L},
  year={1987},
  publisher={Prentice-Hall, Inc.}
}

@book{peyton1992implementing,
  title={Implementing functional languages},
  author={Peyton Jones, Simon L and Lester, David R},
  year={1992},
  publisher={Prentice-Hall, Inc.}
}

@article{powell1984portable,
  title={A portable optimizing compiler for Modula-2},
  author={Powell, Michael L},
  journal={ACM SIGPLAN Notices},
  volume={19},
  number={6},
  pages={310--319},
  year={1984},
  publisher={ACM New York, NY, USA}
}

@book{reade1989elements,
  title={Elements of functional programming},
  author={Reade, Chris},
  year={1989},
  publisher={Addison-Wesley Longman Publishing Co., Inc.}
}

@book{stallman1994using,
  title={Using and porting GNU CC},
  author={Stallman, Richard},
  volume={67},
  number={5},
  year={1994},
  publisher={Free Software Foundation}
}

@article{strong1958problem,
  title={The problem of programming communication with changing machines: a proposed solution},
  author={Strong, J and Wegstein, J and Tritter, A and Olsztyn, J and Mock, O and Steel, T},
  journal={Communications of the ACM},
  volume={1},
  number={8},
  pages={12--18},
  year={1958},
  publisher={ACM New York, NY, USA}
}

@article{wirth1971design,
  title={The design of a PASCAL compiler},
  author={Wirth, Niklaus},
  journal={Software: Practice and Experience},
  volume={1},
  number={4},
  pages={309--333},
  year={1971},
  publisher={Wiley Online Library}
}

@inproceedings{wilson1992uniprocessor,
  title={Uniprocessor garbage collection techniques},
  author={Wilson, Paul R},
  booktitle={International Workshop on Memory Management},
  pages={1--42},
  year={1992},
  organization={Springer}
}

@article{stirling1985follow,
  title={Follow set error recovery},
  author={Stirling, Colin},
  journal={Software: Practice and Experience},
  volume={15},
  number={3},
  pages={239--257},
  year={1985},
  publisher={Wiley Online Library}
}

@inproceedings{steel1961first,
  title={A first version of UNCOL},
  author={Steel Jr, Thomas B},
  booktitle={Papers presented at the May 9-11, 1961, western joint IRE-AIEE-ACM computer conference},
  pages={371--378},
  year={1961}
}

@book{slonneger1995formal,
  title={Formal syntax and semantics of programming languages},
  author={Slonneger, Kenneth and Kurtz, Barry L},
  volume={340},
  year={1995},
  publisher={Addison-Wesley Reading}
}

@article{knuth1965translation,
  title={On the translation of languages from left to right},
  author={Knuth, Donald E},
  journal={Information and control},
  volume={8},
  number={6},
  pages={607--639},
  year={1965},
  publisher={Elsevier}
}

@article{knuth1968semantics,
  title={Semantics of context-free languages},
  author={Knuth, Donald E},
  journal={Mathematical systems theory},
  volume={2},
  number={2},
  pages={127--145},
  year={1968},
  publisher={Springer}
}

@book{knuth1997art,
  title={The art of computer programming},
  author={Knuth, Donald Ervin},
  volume={3},
  year={1997},
  publisher={Pearson Education}
}

@techreport{jones1994implementation,
  title={The implementation of the Gofer functional programming system},
  author={Jones, Mark P},
  year={1994},
  institution={Citeseer}
}

@techreport{jones1980semantics,
  title={Semantics-directed compiler generation},
  author={Jones, Neil D},
  year={1980}
}

@article{mayoh1981attribute,
  title={Attribute grammars and mathematical semantics},
  author={Mayoh, Brian H},
  journal={SIAM Journal on Computing},
  volume={10},
  number={3},
  pages={503--518},
  year={1981},
  publisher={SIAM}
}

@inproceedings{perkins1979machine,
  title={Machine-independent Pascal code optimization},
  author={Perkins, Daniel R and Sites, Richard L},
  booktitle={Proceedings of the 1979 SIGPLAN symposium on Compiler construction},
  pages={201--207},
  year={1979}
}

@article{purdom1980semantic,
  title={Semantic routines and LR (k) parsers},
  author={Purdom, Paul and Brown, Cynthia A},
  journal={Acta Informatica},
  volume={14},
  number={4},
  pages={299--315},
  year={1980},
  publisher={Springer}
}

@book{wexelblat2014history,
  title={History of programming languages},
  author={Wexelblat, Richard L},
  year={2014},
  publisher={Academic Press}
}

@article{hoare1963report,
  title={Report on the Elliott ALGOL translator},
  author={Hoare, CAR},
  journal={Comp J},
  volume={5},
  number={4},
  pages={345--348},
  year={1963}
}

@book{horowitz1987programming,
  title={Programming languages: a grand tour},
  author={Horowitz, Ellis},
  year={1987},
  publisher={Computer Science Press, Inc.}
}

@article{hutton1992higher,
  title={Higher-order functions for parsing},
  author={Hutton, Graham},
  journal={Journal of functional programming},
  volume={2},
  number={3},
  pages={323--343},
  year={1992},
  publisher={Cambridge University Press}
}

@inproceedings{jacobson1987tuning,
  title={Tuning UNIX Lex or it's NOT true what they say about Lex},
  author={Jacobson, V},
  booktitle={USENIX Conference Proceedings (Washington, DC, Winter 1987)},
  pages={163--164},
  year={1987}
}

@article{jazayeri1975intrinsically,
  title={The intrinsically exponential complexity of the circularity problem for attribute grammars},
  author={Jazayeri, Mehdi and Ogden, William F and Rounds, William C},
  journal={Communications of the ACM},
  volume={18},
  number={12},
  pages={697--706},
  year={1975},
  publisher={ACM New York, NY, USA}
}

@book{johnson1975yacc,
  title={Yacc: Yet another compiler-compiler},
  author={Johnson, Stephen C and others},
  volume={32},
  year={1975},
  publisher={Bell Laboratories Murray Hill, NJ}
}

@inproceedings{johnson1978portable,
  title={A portable compiler: Theory and practice},
  author={Johnson, Stephen C},
  booktitle={Proceedings of the 5th ACM SIGACT-SIGPLAN symposium on Principles of programming languages},
  pages={97--104},
  year={1978}
}

@book{johnson1981c,
  title={The C language calling sequence},
  author={Johnson, Stephen C and Ritchie, Dennis M},
  year={1981},
  publisher={Bell Laboratories. Computing Science}
}

@book{kastens1982gag,
  title={GAG: A practical compiler generator},
  author={Kastens, Uwe and Hutt, Brigitte and Zimmermann, Erich},
  year={1982}
}

@book{lee1989realistic,
  title={Realistic compiler generation},
  author={Lee, Peter},
  year={1989},
  publisher={MIT press}
}

@book{lorho1984methods,
  title={Methods and tools for compiler construction: an advanced course},
  author={Lorho, Bernard},
  year={1984},
  publisher={CUP Archive}
}

@book{lesk1975lex,
  title={Lex: A lexical analyzer generator},
  author={Lesk, Michael E and Schmidt, Eric},
  year={1975},
  publisher={Bell Laboratories Murray Hill, NJ}
}

@article{bratman1961alternate,
  title={A alternate form of the “uncol diagram”},
  author={Bratman, Harvey},
  journal={Communications of the ACM},
  volume={4},
  number={3},
  pages={142},
  year={1961},
  publisher={ACM New York, NY, USA}
}

@book{barron1981pascal,
  title={Pascal: the language and its implementation},
  author={Barron, David William},
  year={1981},
  publisher={John Wiley \& Sons, Inc.}
}